% Encoding: UTF-8

@Book{key,
  title     = {Key Concepts for the Fashion Industry},
  publisher = {Bloomsbury},
  year      = {2014},
  author    = {Andrew Reilly},
  edition   = {1},
  isbn      = {9780857853653},
}

@Book{history,
  title     = {Cultural History of Fashion in the 20th and 21st Centuries},
  publisher = {Bloomsbury},
  year      = {2013},
  author    = {Bonnie English},
  edition   = {2},
  isbn      = {9780857851352},
}

@Book{stanford,
  title     = {Computer Vision: Foundations and Applications},
  publisher = {Stanford University},
  year      = {2017},
  author    = {Ranjay Krishna},
  edition   = {2},
}

@Book{gonzalez,
  title     = {Digital Image Processing},
  publisher = {Pearson},
  year      = {2018},
  author    = {Rafael Gonzalez and Richard Woods},
  edition   = {3},
  isbn      = {9780131687288},
}

@Book{Goodfellow,
  title     = {Deep Learning},
  publisher = {MIT Press},
  year      = {2016},
  author    = {Ian Goodfellow and Yoshua Bengio and Aaron Courville},
  note      = {\url{http://www.deeplearningbook.org}},
}

@Book{chollet,
  title     = {Deep Learning with Python},
  publisher = {Manning},
  year      = {2017},
  author    = {François Chollet},
  isbn      = {9781617294433},
}

@Article{ghosh,
  author    = {Ghosh, Swarnendu and Das, Nibaran and Das, Ishita and Maulik, Ujjwal},
  title     = {Understanding deep learning techniques for image segmentation},
  journal   = {ACM Computing Surveys (CSUR)},
  year      = {2019},
  volume    = {52},
  number    = {4},
  pages     = {73},
  publisher = {ACM},
}

@Article{garcia-garcia,
  author  = {Garcia-Garcia, Alberto and Orts-Escolano, Sergio and Oprea, Sergiu and Villena-Martinez, Victor and Garcia-Rodriguez, Jose},
  title   = {A review on deep learning techniques applied to semantic segmentation},
  journal = {arXiv preprint arXiv:1704.06857},
  year    = {2017},
}

@Article{deephuman,
  author    = {Liang, Xiaodan and Liu, Si and Shen, Xiaohui and Yang, Jianchao and Liu, Luoqi and Dong, Jian and Lin, Liang and Yan, Shuicheng},
  title     = {Deep human parsing with active template regression},
  journal   = {IEEE transactions on pattern analysis and machine intelligence},
  year      = {2015},
  volume    = {37},
  number    = {12},
  pages     = {2402--2414},
  publisher = {IEEE},
}

@InProceedings{deepfashion2,
  author    = {Ge, Yuying and Zhang, Ruimao and Wang, Xiaogang and Tang, Xiaoou and Luo, Ping},
  title     = {DeepFashion2: A Versatile Benchmark for Detection, Pose Estimation, Segmentation and Re-Identification of Clothing Images},
  booktitle = {Proceedings of the IEEE Conference on Computer Vision and Pattern Recognition},
  year      = {2019},
  pages     = {5337--5345},
}

@InProceedings{modanet,
  author       = {Zheng, Shuai and Yang, Fan and Kiapour, M Hadi and Piramuthu, Robinson},
  title        = {Modanet: A large-scale street fashion dataset with polygon annotations},
  booktitle    = {2018 ACM Multimedia Conference on Multimedia Conference},
  year         = {2018},
  pages        = {1670--1678},
  organization = {ACM},
}

@Misc{modanetgit,
  author = {eBay},
  title  = {ModaNet},
  year   = {2018},
  note   = {\url{https://github.com/eBay/modanet}},
}

@InProceedings{maskrcnn,
  author    = {He, Kaiming and Gkioxari, Georgia and Dollar, Piotr and Girshick, Ross},
  title     = {Mask R-CNN},
  booktitle = {The IEEE International Conference on Computer Vision (ICCV)},
  year      = {2017},
  month     = {Oct},
}

@Misc{maskrcnnimplem,
  author = {Matterport, Inc},
  title  = {Mask R-CNN for Object Detection and Segmentation},
  year   = {2018},
  note   = {\url{https://github.com/matterport/Mask_RCNN}},
}

@Article{streetstyle,
  author  = {Matzen, Kevin and Bala, Kavita and Snavely, Noah},
  title   = {Streetstyle: Exploring world-wide clothing styles from millions of photos},
  journal = {arXiv preprint arXiv:1706.01869},
  year    = {2017},
}

@InProceedings{learningvisual,
  author    = {Veit, Andreas and Kovacs, Balazs and Bell, Sean and McAuley, Julian and Bala, Kavita and Belongie, Serge},
  title     = {Learning visual clothing style with heterogeneous dyadic co-occurrences},
  booktitle = {Proceedings of the IEEE International Conference on Computer Vision},
  year      = {2015},
  pages     = {4642--4650},
}

@InProceedings{geostyle,
  author    = {Mall, Utkarsh and Matzen, Kevin and Hariharan, Bharath and Snavely, Noah and Bala, Kavita},
  title     = {GeoStyle: Discovering Fashion Trends and Events},
  booktitle = {Proceedings of the IEEE International Conference on Computer Vision},
  year      = {2019},
  pages     = {411--420},
}

@InProceedings{brands,
  author    = {Kim, Gunhee and Xing, Eric P.},
  title     = {Discovering Pictorial Brand Associations from Large-Scale Online Image Data},
  booktitle = {The IEEE International Conference on Computer Vision (ICCV) Workshops},
  year      = {2013},
  month     = {June},
}

@Article{jia,
  author  = {Jia, Menglin and Zhou, Yichen and Shi, Mengyun and Hariharan, Bharath},
  title   = {A Deep-Learning-Based Fashion Attributes Detection Model},
  journal = {arXiv preprint arXiv:1810.10148},
  year    = {2018},
}

@InProceedings{fashionista,
  author       = {Yamaguchi, Kota and Kiapour, M Hadi and Ortiz, Luis E and Berg, Tamara L},
  title        = {Parsing clothing in fashion photographs},
  booktitle    = {2012 IEEE Conference on Computer Vision and Pattern Recognition},
  year         = {2012},
  pages        = {3570--3577},
  organization = {IEEE},
}

@InProceedings{paperdoll,
  author    = {Yamaguchi, Kota and Hadi Kiapour, M and Berg, Tamara L},
  title     = {Paper doll parsing: Retrieving similar styles to parse clothing items},
  booktitle = {Proceedings of the IEEE international conference on computer vision},
  year      = {2013},
  pages     = {3519--3526},
}

@InProceedings{runway2realway,
  author       = {Vittayakorn, Sirion and Yamaguchi, Kota and Berg, Alexander C and Berg, Tamara L},
  title        = {Runway to realway: Visual analysis of fashion},
  booktitle    = {2015 IEEE Winter Conference on Applications of Computer Vision},
  year         = {2015},
  pages        = {951--958},
  organization = {IEEE},
}

@InProceedings{wheretobuyit,
  author    = {Hadi Kiapour, M and Han, Xufeng and Lazebnik, Svetlana and Berg, Alexander C and Berg, Tamara L},
  title     = {Where to buy it: Matching street clothing photos in online shops},
  booktitle = {Proceedings of the IEEE international conference on computer vision},
  year      = {2015},
  pages     = {3343--3351},
}

@Article{parsing,
  author  = {Tangseng, Pongsate and Wu, Zhipeng and Yamaguchi, Kota},
  title   = {Looking at outfit to parse clothing},
  journal = {arXiv preprint arXiv:1703.01386},
  year    = {2017},
}

@Article{LAPACK,
  author    = {Dongarra, Jack and Gates, Mark and Haidar, Azzam and Kurzak, Jakub and Luszczek, Piotr and Tomov, Stanimire and Yamazaki, Ichitaro},
  title     = {The Singular Value Decomposition: Anatomy of Optimizing an Algorithm for Extreme Scale},
  journal   = {SIAM Review},
  year      = {2018},
  volume    = {60},
  number    = {4},
  pages     = {808--865},
  publisher = {SIAM},
}

@Article{truncated,
  author    = {Halko, Nathan and Martinsson, Per-Gunnar and Tropp, Joel A},
  title     = {Finding structure with randomness: Probabilistic algorithms for constructing approximate matrix decompositions},
  journal   = {SIAM review},
  year      = {2011},
  volume    = {53},
  number    = {2},
  pages     = {217--288},
  publisher = {SIAM},
}

@Article{distill,
  author = {Wattenberg, Martin and Viégas, Fernanda and Johnson, Ian},
  title = {How to Use t-SNE Effectively},
  journal = {Distill},
  year = {2016},
  url = {http://distill.pub/2016/misread-tsne},
  doi = {10.23915/distill.00002}
}

@Article{tsnepaper,
  title={Visualizing data using t-SNE},
  author={Maaten, Laurens van der and Hinton, Geoffrey},
  journal={Journal of machine learning research},
  volume={9},
  number={Nov},
  pages={2579--2605},
  year={2008}
}

@InProceedings{minka,
  author    = {Minka, Thomas P},
  title     = {Automatic choice of dimensionality for PCA},
  booktitle = {Advances in neural information processing systems},
  year      = {2001},
  pages     = {598--604},
}

@Misc{Forbes,
  author       = {Ron Shmelzer},
  title        = {The Fashion Industry Is Getting More Intelligent With AI},
  howpublished = {\url{https://www.forbes.com/sites/cognitiveworld/2019/07/16/the-fashion-industry-is-getting-more-intelligent-with-ai/#68b58c023c74}},
  year         = {2019},
  note         = {Acessado em: 10 de Setembro de 2019},
}

@Misc{Fashionistasite,
  author       = {Sara Idacavage},
  title        = {FASHION HISTORY LESSON: THE EVOLUTION OF RUNWAY SHOWS},
  howpublished = {\url{https://fashionista.com/2016/09/fashion-week-history}},
  year         = {2018},
  note         = {Acessado em: 12 de Setembro de 2019},
}

@Misc{FASHIONJOURNALISM,
  author       = {Kate Nelson Best},
  title        = {FASHION JOURNALISM},
  howpublished = {\url{http://www.ameneguete.com.br/wp-content/uploads/2017/06/Bloomsbury_-FASHION-JOURNALISM.pdf}},
  year         = {2017},
  note         = {Acessado em: 12 de Setembro de 2019},
}

@Misc{VOGUEUK,
  author       = {Scarlett Conlon},
  title        = {Vogue Investigates: The Future Of The Fashion Show},
  howpublished = {\url{https://www.vogue.co.uk/article/the-future-of-the-fashion-show-season-change-industry-reaction}},
  year         = {2016},
  note         = {Acessado em: 12 de Setembro de 2019},
}

@Misc{smith,
  author       = {Lindsay Smith},
  title        = {A tutorial on Principal Components Analysis},
  howpublished = {\url{http://www.cs.otago.ac.nz/cosc453/student_tutorials/principal_components.pdf}},
  year         = {2002},
  note         = {Acessado em: 16 de Setembro de 2019},
}

@Misc{dummy,
  author       = {Vincent Spruyt},
  title        = {Feature extraction using PCA},
  howpublished = {\url{https://www.visiondummy.com/2014/05/feature-extraction-using-pca/}},
  year         = {2014},
  note         = {Acessado em: 16 de Setembro de 2019},
}

@Misc{starQuest,
  author       = {Josh Starmer},
  title        = {StatQuest: Principal Component Analysis (PCA), Step-by-Step},
  howpublished = {\url{https://www.youtube.com/watch?v=FgakZw6K1QQ&t=124s}},
  year         = {2018},
  note         = {Acessado em: 16 de Setembro de 2019},
}

@Misc{paperspace,
  author       = {Ashwini Kumar Pal},
  title        = {Understanding Dimension Reduction with Principal Component Analysis (PCA)},
  howpublished = {\url{https://blog.paperspace.com/dimension-reduction-with-principal-component-analysis/}},
  year         = {2017},
  note         = {Acessado em: 17 de Setembro de 2019},
}

@Misc{techtalk,
  author       = {Laurens van der Maaten},
  title        = {Visualizing Data Using t-SNE},
  howpublished = {\url{https://www.youtube.com/watch?v=RJVL80Gg3lA&list=UUtXKDgv1AVoG88PLl8nGXmw}},
  year         = {2013},
  note         = {Acessado em: 18 de Setembro de 2019},
}

@Misc{ml4a,
  author       = {Gene Kogan},
  title        = {Machine Learning for Artists},
  howpublished = {\url{https://ml4a.github.io/classes/itp-F18/04/}},
  year         = {2018},
  note         = {Acessado em: 18 de Novembro de 2019},
}

@Misc{pyimage,
  author       = {Adrian Rosebrock},
  title        = {ImageNet: VGGNet, ResNet, Inception, and Xception with Keras},
  howpublished = {\url{https://www.pyimagesearch.com/2017/03/20/imagenet-vggnet-resnet-inception-xception-keras/}},
  year         = {2017},
  note         = {Acessado em: 12 de Novembro de 2019},
}

@Misc{imagenet,
  author       = {Stanford Vision Lab},
  title        = {ImageNet Large Scale Visual Recognition Challenge (ILSVRC)},
  howpublished = {\url{http://www.image-net.org/challenges/LSVRC/}},
  year         = {2015},
  note         = {Acessado em: 05 de Novembro de 2019},
}

@Misc{COCO,
  author       = {Microsoft},
  title        = {COCO - Common Objects in Context},
  howpublished = {\url{http://cocodataset.org/#home}},
  year         = {2014},
  note         = {Acessado em: 05 de Novembro de 2019},
}

@Misc{inceptionv3,
  author       = {Christian Szegedy and Vincent Vanhoucke and Sergey Ioffe and Jonathon Shlens},
  title        = {Rethinking the Inception Architecture for Computer Vision},
  howpublished = {\url{https://arxiv.org/pdf/1512.00567.pdf}},
  year         = {2015},
}

@Misc{inceptionarch,
  author       = {TensorFlow},
  title        = {Inception in TensorFlow},
  howpublished = {\url{https://github.com/tensorflow/models/tree/master/research/inception}},
  year         = {2017},
  note         = {Acessado em: 19 de Novembro de 2019},
}

@Misc{anno,
  author       = {Limarc Ambalina},
  title        = {An Introduction to 5 Types of Image Annotation},
  howpublished = {\url{https://lionbridge.ai/articles/an-introduction-to-5-types-of-image-annotation/}},
  year         = {2019},
  note         = {Acessado em: 20 de Novembro de 2019},
}

@Misc{raster,
  author       = {Mario Klingemann},
  title        = {About RasterFairy-Py3},
  howpublished = {\url{https://github.com/Quasimondo/RasterFairy}},
  year         = {2015},
  note         = {Acessado em: 20 de Novembro de 2019},
}

@Misc{kogan,
  author       = {Gene Kogan},
  howpublished = {\url{https://github.com/ml4a/ml4a-guides/tree/master/notebooks}},
  year         = {2018},
  note         = {Acessado em: 20 de Novembro de 2019},
}

@Misc{sklearnPCA,
  author       = {scikit-learn developers},
  title        = {sklearn.decomposition.PCA},
  howpublished = {\url{https://scikit-learn.org/stable/modules/generated/sklearn.decomposition.PCA.html}},
  note         = {Acessado em: 2 de Novembro de 2019},
}

@Misc{sklearntSNE,
  author       = {scikit-learn developers},
  title        = {sklearn.decomposition.TSNE},
  howpublished = {\url{https://scikit-learn.org/stable/modules/generated/sklearn.manifold.TSNE.html}},
  note         = {Acessado em: 2 de Novembro de 2019},
}

@Misc{cosine,
  author       = {Cosine similarity of vectors},
  title        = {Rick Wicklin},
  howpublished = {\url{https://blogs.sas.com/content/iml/2019/09/03/cosine-similarity.html}},
  year         = {2019},
  note         = {Acessado em: 22 de Novembro de 2019},
}

@Misc{cosine2,
  author       = {scikit-learn developers},
  title        = {sklearn.metrics.pairwise.cosine_distances},
  howpublished = {\url{https://scikit-learn.org/stable/modules/generated/sklearn.metrics.pairwise.cosine_distances.html}},
  note         = {Acessado em: 22 de Novembro de 2019},
}

@Comment{jabref-meta: databaseType:bibtex;}
